@online{cloudcomputing-thirdwave,
  title  = {Hello World},
  author = {Fermyon Technologies Inc.},
  date   = {2022-02-08},
  url    = {https://www.fermyon.com/blog/2022-02-08-hello-world}
}

@article{webassembly-concepts,
  title  = {WebAssembly Concepts},
  author = {Mozilla},
  url    = {https://developer.mozilla.org/en-US/docs/WebAssembly/Concepts}
}

@article{docker-wasm-tech-preview,
  title  = {WebAssembly Concepts},
  author = {Michael Irwin},
  date   = {2022-10-24},
  url    = {https://www.docker.com/blog/docker-wasm-technical-preview/}
}

@article{most-popular-technologies-stack-overflow,
  title  = {Stack Overflow Most Popular Technologies Survey 2022},
  author = {Stack Exchange, Inc.},
  year   = {2022},
  url    = {https://survey.stackoverflow.co/2022/#section-most-popular-technologies-programming-scripting-and-markup-languages}
}
