@online{google_ddos,
  title = {Google blocked the largest Layer 7 DDoS attack},
  url   = {https://cloud.google.com/blog/products/identity-security/how-google-cloud-blocked-largest-layer-7-ddos-attack-at-46-million-rps},
  year  = {2022}
}

@inproceedings{10.1145/22145.22178,
author = {Goldwasser, S and Micali, S and Rackoff, C},
title = {The Knowledge Complexity of Interactive Proof-Systems},
year = {1985},
isbn = {0897911512},
publisher = {Association for Computing Machinery},
address = {New York, NY, USA},
url = {https://doi.org/10.1145/22145.22178},
doi = {10.1145/22145.22178},
booktitle = {Proceedings of the Seventeenth Annual ACM Symposium on Theory of Computing},
pages = {291–304},
numpages = {14},
location = {Providence, Rhode Island, USA},
series = {STOC '85}
}

@inproceedings{crypto-1989-1692,
  title={How to Explain Zero-Knowledge Protocols to Your Children},
  booktitle={Advances in Cryptology - CRYPTO '89, 9th Annual International Cryptology Conference, Santa Barbara, California, USA, August 20-24, 1989, Proceedings},
  series={Lecture Notes in Computer Science},
  publisher={Springer},
  volume={435},
  pages={628-631},
  doi={10.1007/0-387-34805-0_60},
  author={Jean-Jacques Quisquater and Myriam Quisquater and Muriel Quisquater and Michaël Quisquater and Louis C. Guillou and Marie Annick Guillou and Gaïd Guillou and Anna Guillou and Gwenolé Guillou and Soazig Guillou and Thomas A. Berson},
  year=1989
}

@article{einstein,
    author =       "Albert Einstein",
    title =        "{Zur Elektrodynamik bewegter K{\"o}rper}. ({German})
    [{On} the electrodynamics of moving bodies]",
    journal =      "Annalen der Physik",
    volume =       "322",
    number =       "10",
    pages =        "891--921",
    year =         "1905",
    DOI =          "http://dx.doi.org/10.1002/andp.19053221004",
    keywords =     "physics"
}