@online{google_ddos,
  title = {Online Security Survey},
  url   = {https://services.google.com/fh/files/blogs/google_security_infographic.pdf},
  year  = {2022}
}